%%%%%%%%%% B√ÅSICA;


@book{2005-elmasri-navathe,
  title={{Sistemas de banco de dados}},
  author={Ramez Elmasri and Shamkant B. Navathe},
  year={2005},
  publisher={Pearson Education do Brasil},
  address = {S\~ao Paulo, SP},
  edition = {4}
}

@book{2015-date,
  title={{Introdu\c{c}\~ao aos sistemas de banco de dados}},
  author={C. J. Date},
  year={2003},
  publisher={Elsevier},
  address = {Rio de Janeiro, RJ},
  edition = {8}
}

@book{SILBERSCHATZ-2003,
author={SILBERSCHATZ, A. and SINDARSHAN, S. and KORTH, H. F.},
ttile={Sistema de banco de dados},
edition={5},
publisher={Elsevier},
year={2006}
}
