%%%%%%%%%% B√ÅSICA;

@book{date-2009,
author={DATE, C. J.},
title={SQL and relational theory: how to write accurate SQL code},
publisher={O'Reilly Media},
year={2009}
}

@book{sippu-2006,
author={SIPPU, S. and SOISALON-SOININEN, E.},
title={Transaction processing: Management of the logical database and its underlying physical structure},
publisher={Springer},
year={2006}
}

@book{weikum-2001,
author={WEIKUM, G. and VOSSEN, G.},
title={Transactional information systems: theory, algorithms, and the practice of concurrency control and recovery},
publisher={Morgan Kaufmann Publishers},
year={2001}
}

@book{wiese-2015,
author={WIESE, L.},
title={Advanced Data Management: For Sql, Nosql, Cloud And Distributed Databases},
publisher={de Gruyter Oldenbourg},
year={2015}
}

@book{bernstein-2009,
author={BERNSTEIN, P. A. and NEWCOMER, E.},
title={Principles of transaction processing},
edition={2},
publisher={Morgan Kaufmann},
year={2009}
}

