@book{alpaydin,
author={ALPAYDIN, E.},
title={Introduction to machine learning},
publisher={MIT Press},
year={2004}
}

@book{bishop,
author={BISHOP, C. M.},
title={Pattern recognition and machine learning},
publisher={Springer},
year={2006}
}

@book{mitchell,
author={MITCHELL, T. M.},
title={Machine learning},
publisher={McGraw-Hill},
year={1997}
}