@book{bittencourt,
author={BITTENCOURT, G.},
title={InteligÃªncia artificial: ferramentas e teorias},
edition={3},
publisher={UFSC},
year={2006}
}

@book{brachman,
author={BRACHMAN, R. J.; LEVESQUE, H. J.},
title={Knowledge representation and reasoning},
publisher={Morgan Kaufmann},
year={2004}
}

@book{goldberg,
author={GOLDBERG, D. E.},
title={Genetic algorithms in search, optimization, and machine learning},
publisher={Addison-Wesley},
year={1989}
}

@book{luger,
author={LUGER, G.},
title={Artificial intelligence: structures and strategies for complex problem solving},
edition={6},
publisher={Pearson Addison-Wesley},
year={2006}
}

@book{wooldridge,
author={WOOLDRIDGE, M.},
title={Introduction to multiagent systems},
edition={2},
publisher={John Wiley \& Sons},
year={2009}
}