@book{2015-date,
  title={{Introdu\c{c}\~ao aos sistemas de banco de dados}},
  author={C. J. Date},
  year={2003},
  publisher={Elsevier},
  address = {Rio de Janeiro, RJ},
  edition = {8}
}

@book{2013-teory-etal,
  title={{Projeto e modelagem de banco de dados}},
  author={Toby Teorey and Sam Lightstone and Tom Nadeau and H. V. Jadadish},
  year={2013},
  publisher={Elsevier},
  address = {Rio de Janeiro, RJ},
  edition = {2}
}

@book{2005-elmasri-navathe,
  title={{Sistemas de banco de dados}},
  author={Ramez Elmasri and Shamkant B. Navathe},
  year={2005},
  publisher={Pearson Education do Brasil},
  address = {S\~ao Paulo, SP},
  edition = {4}
}





