%%%%%%%%%% COMPLEMENTAR:

@book{2011-sedgewick-wayne,
    author = {Robert Sedgewick and Kevin Wayne},
    title = {{Algorithms}},
    publisher = {Addison-Wesley},
    year = {2011},
    isbn = {9780321573513},
    location = {Boston, USA},
    pages = {955},
    edition = {4},
}

@book{2006-kleinberg-tardos,
    author = {Kleinberg, Jon and Tardos, \'Eva},
    publisher = {Addison-Wesley},
    title = {{Algorithm Design}},
    year = {2006},
    location = {Boston, USA},
    pages = {864},
    edition = {1},
    isbn = {9780321295354},
}

@book{1989-manber,
    author = {Manber, Udi},
    publisher = {Addison-Wesley},
    location = {Boston, USA},
    title = {{Introduction to Algorithms: A Creative Approach}},
    year = {1989},
    pages = {478},
    isbn = {9780201120370},
}

@book{1998-sedgewick,
    author = {Sedgewick, Robert},
    title = {{Algorithms in C++, Parts 1-4: Fundamentals, Data Structure, Sorting, Searching}},
    year = {1998},
    isbn = {9780768685336},
    publisher = {Addison-Wesley Professional},
    edition = {3},
    pages = {702},
    location = {Reading, USA}
}





