@book{2015-junior,
  title={Como escrever trabalhos de conclus{\~a}o de curso: instru{\c{c}}{\~o}es para planejar e montar, desenvolver, concluir, redigir e apresentar trabalhos monogr{\'a}ficos e artigos},
  author={Junior, Joaquim Martins},
  year={2015},
  publisher={Editora Vozes},
  address = {Petr\'opolis, RJ},
  edition = {9}
}

@book{2014-wazlawick,
  title={{Metodologia de pesquisa para ci\^encia da computa\c{c}\~ao}},
  author={Wazlawick, Raul},
  year={2017},
  publisher={Elsevier Brasil},
  address={Rio de Janeiro, RJ},
  edition={2}
}

@book{2019-medeiros,
  title={{Reda\c{c}\~ao cient\'ifica: A pr\'atica de fichamentos, resumos, resenhas}},
  author={Medeiros, Jo\~ao Bosco},
  publisher={Atlas},
  address={S\~ao Paulo, SP},
  year={2019},
  edition={13}
}

@book{2016-wayne,
  title={{The craft of research}},
  author={Wayne, Booth and Colomb, C and Gregory, G and Joseph, Williams and others},
  year={2003},
  address={Chicago, USA},
  publisher={University of Chicago Press},
  editon={4}
}

@book{2001-rubens,
  title={{Science and technical writing: A manual of style}},
  author={Rubens, Philip},
  year={2001},
  publisher={Routledge},
  address={New York, USA},
  edition={2}
}

