%%%%%%%%%% B√ÅSICA;

@book{2003-edward,
  title={Interactive Computer Graphic, A Top-Down Approach Using OpenGL},
  author={Angel, Edward},
  year={2003},
  publisher={Pearson/Addison Wesley},
  location={Boston, USA},
  edition={4},
}

@book{2004-edward,
  title={OpenGL: a primer},
  author={Angel, Edward},
  year={2004},
  publisher={Pearson/Addison Wesley},
  edition={2},
  location={Boston, USA},
}

@book{2009-bailey-etal,
  title={Graphics shaders: theory and practice},
  author={BAILEY, M. J. and CUNNINGHAM, S.},
  year={2009},
  edition={1},
  publisher={A K Peters},
  location={Wellesley, USA},
}

@book{2005-shreiner-etal,
  title={OpenGL programming guide: the official guide to learning openGL, version 3.0 and 3.1 },
  author={Shreiner, Dave},
  year={2010},
  edition={7},
  publisher={Addison Wesley},
  location={New Jersey, USA},
}

@book{2021-marschner,
  title={Fundamentals of Computer Graphics},
  author={Steve Marschner and Peter Shirley},
  year={2021},
  edition={5},
  publisher={A K Peters/CRC Press},
  location={Boca Raton, USA},
}

@book{2016-kessenich-etal,
  title={OpenGL Programming Guide: The Official Guide to Learning OpenGL, Version 4.5 with SPIR-V},
  author={KESSENICH, J and SELLERS, G and SHREINER, D},
  year={2016},
  edition={9},
  publisher={Addison Wesley},
  location={New Jersey, USA},
}

@book{2004-hearn-etal,
  title={Computer graphics with openGL},
  author={HEARN, D. and BAKER, M. P},
  year={2004},
  edition={3},
  publisher={Pearson Prentice Hall},
  location={Upper Saddle River, NJ},
}

@book{2005-shirley-etal,
  title={Fundamentals of computer graphics},
  author={SHIRLEY, P. and ASHIKHMIN, M. and GLEICHER, M. and MARSCHNER, S. and REINHARD, E. and SUNG, K. and THOMPSON, W. and WILLEMSEN, P.},
  year={2005},
  edition={2},
  publisher={A K Peters},
  location={Wellesley, USA},
}
