%%%%%%%%%% COMPLEMENTAR:


@book{2011-sedgewick-wayne,
    author = {Robert Sedgewick and Kevin Wayne},
    title = {{Algorithms}},
    publisher = {Addison-Wesley},
    year = {2011},
    isbn = {9780321573513},
    location = {Boston, USA},
    pages = {955},
    edition = {4},
}

@book{2002-cormen-etal,
    title = {{Algoritmos: teoria e pr{\'a}tica}},
    author = {Cormen, Thomas H. and Leiserson, Charles E. and Rivest, Ronald L. and Stein, Clifford},
    isbn = {8535209263},
    year = {2002},
    publisher = {Elsevier: Campus},
    location = {Rio de Janeiro, RJ},
    pages = {916},
    edition = {2}
}

@book{1993-ahuja-etal,
    author = {Ahuja, Ravindra K. and Magnanti, Thomas L. and Orlin, James B.},
    publisher = {Prentice Hall},
    title = {{Network Flows: Theory, Algorithms, and Applications}},
    year = {1993},
    location = {New York, USA},
    pages = {846},
}



@book{2008-dasgupta-etal,
    author = {Sanjoy Dasgupta and Christos H. Papadimitriou and Umesh V. Vazirani},
    title = {{Algorithms}},
    publisher = {McGraw-Hill},
    year = {2008},
    isbn = {9780073523408},
    location = {Boston, USA},
    pages = {320},
}
