%%%%%%%%%% BÁSICA;

@book{2006-bittencourt,
  title={Inteligência artificial: ferramentas e teorias},
  author={BITTENCOURT, G.},
  year={2006},
  publisher={UFSC},
  location={Florianópolis, SC},
  edition={3},
}

@book{2004-branchman,
  title={Knowledge representation and reasoning},
  author={BRACHMAN, R. J. and LEVESQUE, H. J.},
  year={2004},
  publisher={Morgan Kaufmann},
  location={San Francisco, USA},
  edition={1},
}

@book{2001-mortari,
  title={Introdução à lógica},
  author={MORTARI, C.},
  year={2001},
  publisher={Editora da UNESP},
  location={São Paulo, SP},
  edition={1},
}

@book{2018-sutton-etal,
author = {Sutton, Richard S. and Barto, Andrew G.},
title = {Reinforcement Learning: An Introduction},
year = {2018},
isbn = {0262039249},
publisher = {A Bradford Book},
location = {Cambridge, MA, USA},
edition={1},
}

@book{2000-jurafsky,
  title={Speech and language processing},
  author={JURAFSKY, D. and MARTIN, J. H.},
  year={2000},
  publisher={Prentice Hall},
  location={Upper Saddle River, NJ},
  edition={1},
}

@book{2009-wooldridge,
  title={Introduction to multiagent systems},
  author={WOOLDRIDGE, M.},
  year={2009},
  publisher={John Wiley and Sons},
  location={Chichester, UK},
  edition={2},
}

@book{2021-faceli-etal,
  title={Inteligência Artificial - Uma Abordagem de Aprendizado de Máquina},
  author={Katti Faceli and Ana Carolina Lorena and João Gama and Tiago Agostinho de Almeida and André C. P. L. F de Carvalho},
  year={2021},
  publisher={LTC},
  location={Rio De Janeiro, RJ},
  edition={1},
}
