%%%%%%%%%% BÁSICA;

@book{2002-sedgewick,
    author = {Sedgewick, Robert},
    title = {{Algorithms in c, Part 5: Graph Algorithms}},
    year = {2002},
    isbn = {9780201316636},
    publisher = {Addison-Wesley Professional},
    edition = {3},
    pages = {482},
    location = {Reading, USA}
}

@book{2012-cormen-etal,
    title = {{Algoritmos: teoria e pr{\'a}tica}},
    author = {Cormen, Thomas H. and Leiserson, Charles E. and Rivest, Ronald L. and Stein, Clifford},
    isbn = {9788535236996},
    year = {2012}, 
    publisher = {Elsevier},
    location = {Rio de Janeiro, RJ},
    pages = {926},
}

@book{1995-tenenbaum-etal,
    title = {{Estruturas de dados usando C}},
    author = {A. M. Tenembaum and Y. Langsam and M. J. Augenstein},
    isbn = {9788534603485},
    year = {1995},
    publisher = {Pearson Education do Brasil},
    location = {São Paulo/SP},
}
