%%%%%%%%%% Para entradas bibtex da bibliografia básica


%%%%% padrão para a chave de citação:
%%% Se há um autor: ano-sobrenome
%%% Se há dois autores: ano-sobrenome1-sobrenome2
%%% Se há três ou mais: ano-sobrenome1-etal


%%%%% padrão para entrada book:

%%% @book{citation_key,
%%%     author = {}, 
%%%     editor = {},
%%%     title = {{}},
%%%     publisher = {{}},
%%%     year = {},
%%%     volume = {},
%%%     series = {},
%%%     address = {},
%%%     edition = {},
%%% }

@book{2013-sipser,
  author    = {Michael Sipser},
  title     = {Introduction to the Theory of Computation},
  edition   = {3rd ed},
  publisher = {Cengage Learning},
  year      = {2013},
  isbn      = {978-1-133-18779-0},
}

@book{1998-lewis-papadimitriou,
  author    = {Harry R. Lewis and
               Christos H. Papadimitriou},
  title     = {Elements of the Theory of Computation},
  edition   = {2nd ed},
  publisher = {Prentice Hall},
  year      = {1998},
  isbn      = {978-0-13-262478-7},
}

@book{2006-hopcroft-etal,
  author    = {John E. Hopcroft and
               Rajeev Motwani and
               Jeffrey D. Ullman},
  title     = {Introduction to Automata Theory, Languages, and Computation},
  edition   = {3rd ed},
  series    = {Addison-Wesley series in computer science},
  publisher = {Addison-Wesley-Longman},
  year      = {2006},
  isbn      = {978-0-321-46225-1},
}
