%%%%%%%%%% Para entradas bibtex da bibliografia complementar


%%%%% padrão para a chave de citação:
%%% Se há um autor: ano-sobrenome
%%% Se há dois autores: ano-sobrenome1-sobrenome2
%%% Se há três ou mais: ano-sobrenome1-etal


%%%%% padrão para entrada book:

%%% @book{citation_key,
%%%     author = {}, 
%%%     editor = {},
%%%     title = {{}},
%%%     publisher = {{}},
%%%     year = {},
%%%     volume = {},
%%%     series = {},
%%%     address = {},
%%%     edition = {},
%%% }


@book{1998-lewis-papadimitriou,
  author    = {Harry R. Lewis and
               Christos H. Papadimitriou},
  title     = {Elements of the Theory of Computation},
  edition   = {2nd ed},
  publisher = {Prentice Hall},
  year      = {1998},
  isbn      = {978-0-13-262478-7},
}

@book{2006-hopcroft-etal,
  author    = {John E. Hopcroft and
               Rajeev Motwani and
               Jeffrey D. Ullman},
  title     = {Introduction to Automata Theory, Languages, and Computation},
  edition   = {3rd ed},
  series    = {Addison-Wesley series in computer science},
  publisher = {Addison-Wesley-Longman},
  year      = {2006},
  isbn      = {978-0-321-46225-1},
}

@book{2004-cooper-torczon,
  author    = {Keith D. Cooper and
               Linda Torczon},
  title     = {Engineering a Compiler},
  series    = {Addison-Wesley series in computer science},
  publisher = {Morgan Kaufmann Publishers, USA},
  year      = {2004},
  isbn      = {9781558606982},
}

@book{2008-ricarte,
  author    = {Ivan Ricarte},
  title     = {Introdução à Compilação},
  edition   = {2nd ed},
  publisher = {Campus},
  year      = {2008},
  isbn      = {9788535230673},
}

@book{2000-grune-etal,
  author    = {Dick Grune and Henri E. Bal and Ceriel J.H. Jacobs and Koen G. Langedoen},
  title     = {Modern compiler design},
  series    = {Worldwide series in computer science},
  publisher = {Wiley Publishing},
  year      = {2000},
  isbn      = {9780471976974},
}
