
@book{2018-diestel,
  AUTHOR = {Diestel, Reinhard},
  TITLE = {Graph theory},
  SERIES = {Graduate Texts in Mathematics},
  VOLUME = {173},
  EDITION = {Fifth},
  PUBLISHER = {Springer, Berlin},
  YEAR = {2018},
  PAGES = {xviii+428},
  ISBN = {978-3-662-57560-4; 978-3-662-53621-6},
}

@book{1996-west,
  AUTHOR = {West, Douglas B.},
  TITLE = {Introduction to graph theory},
  PUBLISHER = {Prentice Hall, Inc., Upper Saddle River, NJ},
  YEAR = {1996},
  PAGES = {xvi+512},
  ISBN = {0-13-227828-6},
}

@book{2008-ash,
  title = {Basic Probability Theory},
  author = {Ash, R. B.},
  isbn = {9780486466286},
  series = {Dover Books on Mathematics},
  year = {2008},
  publisher = {Dover Publications}
}

@book{2010-ross,
  title = {Probabilidade: Um Curso Moderno com Aplica{\c{c}}{\~o}es},
  author = {Ross, S.},
  isbn = {9788577806218},
  year = {2010},
  publisher = {Bookman}
}
