%%%%%%%%%% B√ÅSICA;

@book{1994-wadler-etal,
  title={Introduction to functional programming},
  author={BIRD, R. and WADLER P.},
  year={1994},
  publisher={Prentice Hall},
  location={Upper Saddle River, NJ},
  edition={1},
}

@book{1998-okasaki,
  title={Purely functional data structures},
  author={OKASAKI, C.},
  year={1998},
  publisher={Cambridge University Press},
  location={Manning},
  edition={1},
}

@book{2016-hutton,
  title={Programming in Haskell},
  author={Hutton, G.},
  year={2016},
  publisher={Cambridge University Press},
  location={Manning},
  edition={2},
}
