%%%%%%%%%% Para entradas bibtex da bibliografia complementar


%%%%% padrão para a chave de citação:
%%% Se há um autor: ano-sobrenome
%%% Se há dois autores: ano-sobrenome1-sobrenome2
%%% Se há três ou mais: ano-sobrenome1-etal


%%%%% padrão para entrada book:

%%% @book{citation_key,
%%%     author = {}, 
%%%     editor = {},
%%%     title = {{}},
%%%     publisher = {{}},
%%%     year = {},
%%%     volume = {},
%%%     series = {},
%%%     address = {},
%%%     edition = {},
%%% }

@book{1997-kozen,
  author    = {Dexter Kozen},
  title     = {Automata and Computability},
  series    = {Undergraduate Texts in Computer Science},
  publisher = {Springer-Verlag},
  year      = {1997},
  doi       = {10.1007/978-1-4612-1844-9},
  isbn      = {978-0-387-94907-9},
}

@book{2006-kozen,
  author    = {Dexter Kozen},
  title     = {Theory of Computation},
  series    = {Texts in Computer Science},
  publisher = {Springer-Verlag},
  year      = {2006},
  doi       = {10.1007/1-84628-477-5},
  isbn      = {978-1-846-28297-3},
}

@book{2006-anderson,
  author    = {James A. Anderson},
  title     = {Automata Theory with Modern Applications},
  publisher = {Cambridge University Press},
  year      = {2006},
  doi       = {10.1017/CBO9780511607202},
  isbn      = {978-0-521-61324-8},
}

@book{2008-shallit,
  author    = {Jeffrey O. Shallit},
  title     = {A Second Course in Formal Languages and Automata Theory},
  publisher = {Cambridge University Press},
  year      = {2008},
  doi       = {10.1017/CBO9780511808876},
  isbn      = {978-0-521-86572-2},
}

@book{2010-goldreich,
  author    = {Oded Goldreich},
  title     = {P, NP, and NP-Completeness: The Basics of Complexity Theory},
  publisher = {Cambridge University Press},
  year      = {2010},
  doi       = {10.1017/CBO9780511761355},
  isbn      = {978-0-521-19248-4},
}

@book{2019-crespi-reghizzi-etal,
  author    = {Stefano Crespi{-}Reghizzi and
               Luca Breveglieri and
               Angelo Morzenti},
  title     = {Formal Languages and Compilation},
  edition   = {3rd ed},
  series    = {Texts in Computer Science},
  publisher = {Springer},
  year      = {2019},
  doi       = {10.1007/978-3-030-04879-2},
  isbn      = {978-3-030-04878-5},
}

