%%%%%%%%%% B√ÅSICA;

@book{1991-thompson,
  title={Type theory and functional programming},
  author={THOMPSON, S.},
  year={1991},
  publisher={Addison-Wesley},
  location={Wokingham, UK},
  edition={1},
}

@Book{2020-wadler,
    author = {Philip Wadler and Wen Kokke and Jeremy G. Siek},
    title  = {Programming Language Foundations in {A}gda},
    year   = {2020},
    url    = {http://plfa.inf.ed.ac.uk/20.07/},
}

@book{2002-pierce,
  title={Types and programming languages},
  author={PIERCE, B.},
  year={2002},
  publisher={MIT Press},
  location={Cambridge, USA},
  edition={1},
}

@book{2009-dybvig,
  author={DYBVIG, K.},
  title={The scheme programming language},
  year={2009},
  publisher={MIT Press},
  location={Cambridge, USA},
  edition={3},
}

@book{2009-sullivan-etal,
  author={O'SULLIVAN, B. and STEWART, D. and GOERTZEN, J.},
  title={Real World Haskell},
  year={2009},
  publisher={O'Reilly},
  location={Sebastopol, USA},
  edition={1},
}

@book{2021-hickey-etal,
  author = {Hickey, Jason and Madhavapeddy, Anil and Minsky, Yaron},
  title = {{Real World OCaml}},
  url = {https://dev.realworldocaml.org/},
  year = 2021,
  publisher={O'Reilly},
  location={Sebastopol, USA},
  edition={2}, 
}

@book{2009-cesarini-etal,
author = {Cesarini, Francesco and Thompson, Simon},
title = {ERLANG Programming},
year = {2009},
isbn = {0596518188},
publisher = {O'Reilly Media, Inc.},
location={Sebastopol, USA},
edition = {1},
}

@book{2014-thomas,
  title={Programming Elixir: Functional - Concurrent - Pragmatic - Fun},
  author={Thomas, D.},
  isbn={9781937785581},
  series={Pragmatic programmers},
  year={2014},
  publisher={Pragmatic Bookshelf},
  location={Raleigh, USA},
  edition={1},
}

@book{2004-hankin,
  title={An Introduction to Lambda Calculi for Computer Scientists},
  author={Hankin, C},
  year={2004},
  publisher={College Publications},
  location={Rickmansworth, UK},
  edition={1},
}

@book{2008-hindley-etal,
  author = {Hindley, J. Roger and Seldin, Jonathan P.},
  title = {Lambda-Calculus and Combinators: An Introduction},
  year = {2008},
  isbn = {0521898854},
  publisher = {Cambridge University Press},
  location = {USA},
  edition = {2},
}
