@book{2008-bondy-murty,
  AUTHOR = {Bondy, J. A. and Murty, U. S. R.},
  TITLE = {Graph theory},
  SERIES = {Graduate Texts in Mathematics},
  VOLUME = {244},
  PUBLISHER = {Springer, New York},
  YEAR = {2008},
  PAGES = {xii+651},
  ISBN = {978-1-84628-969-9},
  DOI = {10.1007/978-1-84628-970-5},
}

@book{2012-rosen-etal,
  title = {Discrete mathematics and its applications: with combinatorics and
           graph theory},
  author = {Rosen, Kenneth H and Krithivasan, Kamala},
  year = {2012},
  publisher = {Tata McGraw-Hill Education},
}

@book{2017-mitzenmacher-upfal,
  title = {Probability and computing: Randomization and probabilistic techniques
           in algorithms and data analysis},
  author = {Mitzenmacher, Michael and Upfal, Eli},
  year = {2017},
  publisher = {Cambridge university press},
}

