%%%%%%%%%% Para entradas bibtex da bibliografia básica


%%%%% padrão para a chave de citação:
%%% Se há um autor: ano-sobrenome
%%% Se há dois autores: ano-sobrenome1-sobrenome2
%%% Se há três ou mais: ano-sobrenome1-etal


%%%%% padrão para entrada book:

%%% @book{citation_key,
%%%     author = {}, 
%%%     editor = {},
%%%     title = {{}},
%%%     publisher = {{}},
%%%     year = {},
%%%     volume = {},
%%%     series = {},
%%%     address = {},
%%%     edition = {},
%%% }


@book{2006-aho-etal,
  author    = {Aho, Alfred V. and Lam, Monica S. and Sethi, Ravi and Ullman, Jeffrey D.},
  title     = {Compilers: Principles, Techniques, and Tools (2nd edition)},
  year      = {2006},
  isbn      = {0-321-48681-1},
  publisher = {Addison-Wesley Longman Publishing Co., Inc.},
  address   = {USA}
}

@book{2002-appel,
  author    = {Appel, Andrew W. and Palsberg, Jens},
  title     = {Modern Compiler Implementation in Java (2nd edition)},
  year      = {2002},
  isbn      = {0-521-82060-X},
  publisher = {Cambridge University Press},
  address   = {USA}
}
