%%%%%%%%%% BÁSICA;

@book{2003-russel-etal,
  title={Artificial intelligence: a modern approach},
  author={RUSSEL, S. and NORVIG, P.},
  year={2003},
  publisher={Prentice Hall: Pearson Education},
  location={New Jersey, USA},
  edition={2},
}

@book{2003-rezende,
  title={Sistemas inteligentes: fundamentos e aplicações},
  author={REZENDE, S. O.},
  year={2003},
  publisher={Manole},
  location={Barueri, SP},
  edition={1},
}

@book{1998-sutton-etal,
  title = {Reinforcement learning: an introduction},
  author = {SUTTON, R. S. and BARTO, A. G.},
  year = {1998},
  publisher = {MIT Press},
  edition = {1},
}
