%%%%%%%%%% Para entradas bibtex da bibliografia básica


%%%%% padrão para a chave de citação:
%%% Se há um autor: ano-sobrenome
%%% Se há dois autores: ano-sobrenome1-sobrenome2
%%% Se há três ou mais: ano-sobrenome1-etal


%%%%% padrão para entrada book:

%%% @book{citation_key,
%%%     author = {}, 
%%%     editor = {},
%%%     title = {{}},
%%%     publisher = {{}},
%%%     year = {},
%%%     volume = {},
%%%     series = {},
%%%     address = {},
%%%     edition = {},
%%% }

@book{1997-bertsimas-tsitsiklis,
  author    = {Dimitris Bertsimas and
               John N. Tsitsiklis},
  title     = {Introduction to Linear Optimization},
  series    = {Athena scientific optimization and computation series},
  volume    = {6},
  publisher = {Athena Scientific},
  year      = {1997},
  isbn      = {978-1-886529-19-9},
}

@book{2007-gartner-matousek,
  author    = {Bernd G{\"a}rtner and
               Jir{\'i} Matousek},
  title     = {Understanding and Using Linear Programming},
  series    = {Universitext},
  publisher = {Springer},
  year      = {2007},
  isbn      = {978-3-540-30697-9},
  doi       = {10.1007/978-3-540-30717-4},
}

@book{2015-luenberger-ye,
  author    = {David G. Luenberger and 
               Yinyu Ye},
  title     = {Linear and Nonlinear Programming},
  edition   = {4th ed.},
  series    = {International Series in Operations Research and Management Science},
  volume    = {228},
  publisher = {Springer International Publishing},
  year      = {2015},
  isbn      = {978-3-319-18842-3},
  doi       = {10.1007/978-3-319-18842-3},
}
