%%%%%%%%%% B√ÅSICA;

@book{1998-sedgewick,
    author = {Sedgewick, Robert},
    title = {{Algorithms in C, Parts 1-4: Fundamentals, Data Structure, Sorting, Searching}},
    year = {1998},
    isbn = {9780201756081},
    publisher = {Addison-Wesley Publishing},
    edition = {3},
    pages = {702},
    location = {Reading, USA}
}

@book{2010-szwarcfiter-markenzon,
    author = {Szwarcfiter, Jayme L. and Markenzon, Lilian},
    title = {{Estruturas de dados e seus algoritmos}},
    year = {2010},
    isbn = {9788521617501},
    publisher = {LTC},
    edition = {3},
    pages = {302},
    location = {Rio de Janeiro, RJ}
}

@book{2012-cormen-etal,
    title = {{Algoritmos: teoria e pr{\'a}tica}},
    author = {Cormen, Thomas H. and Leiserson, Charles E. and Rivest, Ronald L. and Stein, Clifford},
    isbn = {9788535236996},
    year = {2012}, 
    publisher = {Elsevier},
    location = {Rio de Janeiro, RJ},
    pages = {926},
}
