@book{2007-konheim,
  title={{Computer security and cryptography}},
  author={A. G. KONHEIM},
  year={2007},
  publisher={Wiley Interscience},
  address = {Hoboken, NJ},
  edition = {1}
}

@book{1996-schneier,
  title={{Applied cryptography: protocols, algorithms and source code in C.}},
  author={B. SCHNEIER},
  year={1996},
  publisher={Wiley},
  address = {Hoboken, NJ},
  edition = {2}
}

@book{2011-stamp,
  title={{Information security: principles and practice}},
  author={Mark Stamp},
  year={2011},
  publisher={Wiley Interscience},
  address = {Hoboken, NJ},
  edition = {2}
}

@book{2017-correia-sousa,
  title={{Seguran\c{c}a no software}},
  author={Miguel Pupo Correia and Paulo Jorge Sousa},
  year={2017},
  publisher={Wiley Interscience},
  address = {Hoboken, NJ},
  edition = {2}
}

@book{2005-cheswick-etal,
  title={{Firewalls e seguran√ßa na internet : repelindo o hacker ardiloso}},
  author={Wiliam R. Cheswick and Aviel D. Rubin and Steven M. Bellovin},
  year={2005},
  publisher = {Bookman},
  address = {Porto Alegre, RS},
  edition = {2}
}


