%%%%%%%%%% Para entradas bibtex da bibliografia complementar


%%%%% padrão para a chave de citação:
%%% Se há um autor: ano-sobrenome
%%% Se há dois autores: ano-sobrenome1-sobrenome2
%%% Se há três ou mais: ano-sobrenome1-etal


%%%%% padrão para entrada book:

%%% @book{citation_key,
%%%     author = {}, 
%%%     editor = {},
%%%     title = {{}},
%%%     publisher = {{}},
%%%     year = {},
%%%     volume = {},
%%%     series = {},
%%%     address = {},
%%%     edition = {},
%%% }

@book{1986-schrijver,
  author    = {Alexander Schrijver},
  title     = {Theory of Linear and Integer Programming},
  series    = {Wiley-Interscience series in discrete mathematics and optimization},
  publisher = {Wiley},
  year      = {1986},
  isbn      = {978-0-471-98232-6},
}

@book{1998-ye,
  author    = {Yinyu Ye},
  title     = {Interior Point Algorithms: Theory and Analysis},
  isbn      = {978-1-118-03095-0},
  series    = {Wiley Series in Discrete Mathematics and Optimization},
  year      = {1998},
  publisher = {Wiley},
}

@book{2005-goldbarg-luna,
  author    = {Marco C. Goldbarg and 
               Henrique P. L. Luna},
  title     = {Otimiza{\c{c}\~{a}}o Combinat{\'{o}}ria e Programa{\c{c}\~{a}}o Linear: Modelos e Algoritmos},
  edition   = {2a ed.},
  publisher = {Elsevier},
  year      = {2005},
  isbn      = {978-85-352-1520-5},
}

@book{2005-roos-etal,
  author    = {Roos, C. and Terlaky, T. and Vial, J.P.},
  title     = {Interior Point Methods for Linear Optimization},
  isbn      = {978-0-387-26378-6},
  year      = {2005},
  publisher = {Springer},
}

@book{2010-bazaraa-etal,
  author    = {Mokhtar S. Bazaraa and
               John J. Jarvis and 
               Hanif D. Sherali},
  title     = {Linear Programming and Network Flows},
  edition   = {4th ed.},
  publisher = {Wiley},
  year      = {2010},
  isbn      = {978-0-470-46272-0},
}

@book{2020-vanderbei,
  author    = {Robert J. Vanderbei},
  title     = {Linear Programming - Foundations and Extensions},
  edition   = {5th ed},
  series    = {International Series in Operations Research and Management Science},
  volume    = {285},
  publisher = {Springer International Publishing},
  year      = {2020},
  isbn      = {978-3-030-39414-1},
  doi       = {10.1007/978-3-030-39415-8},
}
