@book{2020-maciel-viterboa,
  title={{Computação e Sociedade}},
  author={Cristiano Maciel and José Viterbo},
  year={2020},
  volume={1},
  publisher={EDUFMT},
  address = {Cuiabá, MT},
  edition = {1},
  isbn={978-65-5588-046-5},
  url={https://www.edufmt.com.br/product-page/computação-e-sociedade-a-profissão-volume-1}
}

@book{2020-maciel-viterbob,
  title={{Computação e Sociedade}},
  author={Cristiano Maciel and José Viterbo},
  year={2020},
  volume={2},
  publisher={EDUFMT},
  address = {Cuiabá, MT},
  edition = {1},
  isbn={978-65-5588-047-2},
  url={https://www.edufmt.com.br/product-page/computação-e-sociedade-a-sociedade-volume-2}
}

@book{2020-maciel-viterboc,
  title={{Computação e Sociedade}},
  author={Cristiano Maciel and José Viterbo},
  year={2020},
  volume={3},
  publisher={EDUFMT},
  address = {Cuiabá, MT},
  edition = {1},
  isbn={978-65-5588-048-9},
  url={https://www.edufmt.com.br/product-page/computação-e-sociedade-a-tecnologia-volume-3}  
}

@book{2017-vazquez,
  title={{Ética}},
  author={Adolfo Sanchez Vazquez},
  year={2017},
  publisher={Civilização Brasileira},
  address = {Rio de Janeiro, RJ},
  edition = {37}
}



