@book{2010-silberschatz,
Author = {Silberschatz, Abraham and Galvin, Peter Baer and Gagne, Greg},
ISBN = {9788521614142},
Publisher = {LTC},
Title = {Fundamentos de sistemas operacionais.},
Year = {2010},
edition = {8},
location = {Rio de Janeiro, RJ},
}

@book{2016-tanenbaum,
Author = {Tanenbaum, Andrew Stuart},
ISBN = {9788543005676},
Publisher = {Pearson},
Title = {Sistemas operacionais modernos.},
Year = {2016},
edition = {4},
location = {São Paulo, SP},
}

@book{2005-deitel,
Author = {Deitel, Harvey M. and Deitel, Paul J. and Choffnes, David R.},
ISBN = {9788576050117},
Publisher = {Pearson},
Title = {Sistemas operacionais.},
Year = {2005},
edition = {3},
location = {São Paulo, SP},
}