@book{2018-flynn,
Author = {Ann, McHoes and Ida M., Flynn},
ISBN = {9781305674257},
Publisher = {Cengage Learning},
Title = {Understanding Operating Systems.},
Year = {2018},
edition = {8},
location = {Australia},
}

@book{2009-stallings,
Author = {Stallings, William},
ISBN = {9780131479548 },
Publisher = {Prentice Hall},
Title = {Operating systems: internals and design principles.},
Year = {2009},
edition = {6},
location = {Upper Saddle River, USA},
}

@book{2005-bovet,
Author = {Bovet, Daniel},
ISBN = {9780596005658},
Publisher = {O'Reilly Media},
Title = {Understanding the Linux Kernel.},
Year = {2006},
edition = {3},
location = {Farnham, GBR},
}

@book{2008-tanenbaum,
Author = {Tanenbaum, Andrew Stuart},
ISBN = {9788577800575},
Publisher = {Bookman},
Title = {Sistemas operacionais: projeto e implementação.},
Year = {2008},
edition = {3},
location = {Porto Alegre, RS},
}

@book{2013-love,
Author = {Love, Robert},
ISBN = {9781449339531},
Publisher = {O'Reilly Media},
Title = {Linux System Programming: Talking Directly to the Kernel and C Library.},
Year = {2013},
edition = {2},
location = {USA, CA},
}

@book{2004-oliveira,
Author = {Oliveira, Rômulo Silva de and Casissimi, Alexandre da Silva and Toscani, Simão Sirineo},
ISBN = {9788577803378},
Publisher = {Bookman},
Title = {Sistemas operacionais.},
Year = {2004},
location = {Porto Alegre, RS},
}