%%%%%%%%%% BÁSICA;

@book{2005-booch,
Author = {Booch, Grady and Rumbaugh, James and Jacobson, Ivar and Booch, Grady},
ISBN = {8535217843},
Publisher = {Campus},
Title = {UML. guia do usuário.},
Year = {2005},
	location = {Rio de Janeiro, RJ},
}

@book{2007-larman,
Author = {Larman, Craig},
ISBN = {9788560031528},
Publisher = {Bookman},
Title = {Utilizando UML e padrões: uma introdução à análise e ao projeto orientados a objetos e ao desenvolvimento interativo.},
Year = {2007},
edition = {3},
	location = {Porto Alegre, RS},
}

@book{2000-gamma,
Author = {Gamma, Erich and Helm, Richard and Johnson, Ralph and Vlissides, John and Salgado, Luiz A. Meirelles and Paulo, Fabiano Borges},
ISBN = {9788573076103},
Publisher = {Bookman},
Title = {Padrões de projeto: soluções reutilizáveis de software orientado a objetos.},
Year = {2000},
	location = {Porto Alegre, RS},
}