@book{2006-allen-terry,
  title={Beginning relational data modeling},
  author={Sharon Lee Allen and Evan Terry},
  year={2006},
  publisher={Apress},
  address = {Berkeley, CA},
  edition = {2}
}

@book{2005-date,
  title={{Database in depth: relational theory for practitioners}},
  author={C. J. Date},
  year={2005},
  publisher={O'Reilly Media},
  address = {Sebastopol, USA},
  edition = {1}
}

@book{2012-silberschatz-etal,
  title={{Sistema de banco de dados}},
  author={Abraham Silberschatz and Henry F. Korth and Sudarshan, S.},
  year={2012},
  publisher={Elsevier},
  address = {Rio de Janeiro, RJ},
  edition = {5}
}

@book{2008-halpin-morgan,
  title={{Information modeling and relational databases}},
  author={Halpin, Terry and Morgan, Tony},
  year={2008},
  publisher={Morgan Kaufmann Publishers},
  address = {Burlington, USA},
  edition = {1}
}

@book{2011-coronel,
  title={{Database systems: design, implementation, and management}},
  author={Coronel, Carlos and Morris, Steven},
  year={2016},
  publisher={Cengage Learning},
  address={Boston, USA},
  edition={9}
}

