%%%%%%%%%% BÁSICA;

@book{2008-mano,
Author = {Mano, M. Morris and KIME, Charles R},
ISBN = {9780131989269},
Publisher = {Prentice Hall},
Title = {Logic and computer design fundamentals.},
Year = {2008},
edition = {4},
	location = {Harlow, GBR},
}

@book{2007-tocci,
    title={Sistemas Digitais: Princípios e Aplicações},
	author={Tocci, R. and Widmer, N. and Moss, G.},
	isbn={9788576050957},
	year={2007},
	publisher={Pearson Universidades},
	location = {São Paulo, SP},
	pages = {830},
	edition = {10}
}

@book{2008-vahid,
    title={Sistemas Digitais: Projeto, Otimização e HDLs},
	author={Vahid, F.},
	isbn={9788577801909},
	year={2008},
	publisher={Bookman},
	location = {Porto Alegre, RS},
	pages = {560}
}

@book{2007-floyd,
    title={Sistemas Digitais: Fundamentos e Aplicações},
	author={Floyd, T.},
	isbn={9788560031931},
	year={2007},
	publisher={Bookman},
	location = {Porto Alegre, RS},
	pages = {888}
}
