%%%%%%%%%% COMPLEMENTAR:

@book{2009-tanenbaum,
Author = {Tanenbaum, Andrew Stuart and Gonçalves, Ronaldo A. L. and Consularo, Luís A. and Teixeira, Luciana do Amaral and Camargo, Raphael Yokoingawa de},
ISBN = {9788576052371},
Publisher = {Prentice Hall},
Title = {Sistemas operacionais modernos.},
Year = {2009},
edition = {3},
	location = {São Paulo, SP},
}

@book{2006-ben,
Author = {Ben-Ari, Mordechai},
ISBN = {9780321312839},
Publisher = {Addison-Wesley Publishing},
Title = {Principles of concurrent and distributed programming.},
Year = {2006},
edition = {2},
	location = {Harlow, GBR},
}

@book{2008-kshemkalyani,
Author = {Kshemkalyani, Ajay D. and Singhal, Mukesh},
ISBN = {9780521189842},
Publisher = {Cambridge University Press},
Title = {Distributed computing. principles, algorithms, and systems.},
Year = {2008},
	location = {Cambridge, GBR},
}

@book{1997-lynch,
Author = {Lynch, Nancy Ann},
ISBN = {9781558603486},
Publisher = {Morgan Kaufmann Publishers},
Series = {Data management},
Title = {Distributed algorithms.},
Year = {1997},
	location = {San Francisco, USA},
}

@book{2017-tanenbaum,
Author = {Tanenbaum, Andrew Stuart and Van Steen, Maarten},
ISBN = {9781543057386},
Publisher = {CreateSpace Independent Publishing Platform.},
Title = {Distributed systems.},
Year = {2017},
edition = {3},
	location = {(online)},
}