%%%%%%%%%% B√ÅSICA;

@book{2008-gomes-etal,
  title={Fundamentos da computa{\c{c}}{\~a}o gr{\'a}fica},
  author={de Miranda Gomes, Jonas and Velho, Luiz},
  year={2008},
  publisher={Impa},
  location = {Rio de Janeiro, RJ},
  edition = {1},
}

@book{2003-azevedo-etal,
  title={Computa{\c{c}}{\~a}o Gr{\'a}fica: gera{\c{c}}{\~a}o de imagens},
  author={AZEVEDO, Eduardo and CONCI, Aura},
  year={2003},
  publisher={Campus},
  location = {Rio de Janeiro, RJ},
  edition = {1},
}

@book{2020-vries,
  title = {Learn OpenGL: graphics programming},
  author = {De Vries, J.},
  year = {2020},
  publisher = {Kendall \& Welling},
  edition = {1},
}
