@book{2007-cervo-bervian,
  title={{Metodologia Cient\'ifica}},
  author={Amado Luiz Cervo and Pedro Alcino Bervian},
  year={2007},
  publisher={Pearson Education do Brasil},
  address={S\~ao Paulo, SP},
  edition={6}
}

@book{2010-creswell-creswell,
  title={{Projeto de pesquisa-: M\'etodos qualitativo, quantitativo e misto}},
  author={John W Creswell and J David Creswell},
  year={2010},
  publisher={Artmed},
  address={Porto Alegre, RS},
  edition={3}
}

@book{2010-salomon,
  title={{Como fazer uma monografia}},
  author={Salomon, D\'elcio Vieira},
  year={2010},
  publisher={Martins Fontes},
  address={S\~ao Paulo, SP},
  edition={12}
}




