%%%%%%%%%% BÁSICA;

@book{2003-tanenbaum,
Author = {Tanenbaum, Andrew Stuart and Souza, Vanderberg D. de and Jamhour, Edgard},
ISBN = {9788535211856},
Publisher = {Elsevier},
Title = {Redes de computadores.},
Year = {2003},
edition = {4},
	location = {Rio de Janeiro, RJ},
}

@book{2008-fourozan,
Author = {Forouzan, Behrouz A. and Fegan, Sophia Chung and Griesi, Ariovaldo and Oliveira, Jonas Santiago de},
ISBN = {9788586804885},
Publisher = {AMGH},
Title = {Comunicação de dados e redes de computadores.},
Year = {2008},
edition = {4},
	location = {Porto Alegre, RS},
}

@book{2010-kurose,
Author = {Kurose, James F. and Ross, Keith W. and Zucchi, Wagner Luiz},
ISBN = {9788588639973},
Publisher = {Addison-Wesley Publishing},
Title = {Redes de computadores e a internet. uma abordagem top-down.},
Year = {2010},
edition = {5},
	location = {São Paulo, SP},
}