%%%%%%%%%% COMPLEMENTAR:

@book{2000-ercegovac,
  title={Introdução aos Sistemas Digitais},
  author={Ercegovac, M. and Lang, T. and Moreno, J.},
  isbn={9788573076981},
  year={2000},
  publisher={Bookman},
  location = {Porto Alegre, RS},
}

@book{2006-idoeta,
Author = {Idoeta, Ivan Valeije and Capuano, Francisco Gabriel},
ISBN = {8571940193},
Publisher = {Érica},
Title = {Elementos de eletrônica digital.},
Year = {2006},
edition = {40},
  location = {São Paulo, SP},
}


@book{2005-katz,
Author = {KATZ, Randy H and Borriello, Gaetano},
Publisher = {Pearson/Prentice Hall},
Title = {Contemporary logic design.},
Year = {2005},
edition = {2},
  location = {Saddle River, USA},
}

@book{2006-wakerly,
Author = {Wakerly, John F.},
ISBN = {9780131863897},
Publisher = {Pearson},
Title = {Digital design. principles and practices.},
Year = {2006},
edition = {4},
  location = {Saddle River, USA},
}

@book{2005-agarwal,
Author = {Agarwal, Anant and Lang, Jeffrey H.},
ISBN = {9781558607354},
Publisher = {Morgan Kaufmann Publishers},
Title = {Foundations of analog and digital eletronic circuits.},
Year = {2006},
  location = {Amsterdam, NLD},
}
