@book{2013-hennessy,
Author = {Hennessy, John L. and Patterson, David A.},
ISBN = {9788535261226},
Publisher = {Elsevier},
Title = {Arquitetura de computadores: uma abordagem quantitativa.},
Year = {2013},
edition = {5},
location = {Rio de Janeiro, RJ},
}

@book{2021-nilsan,
Author = {Noam, Nisan and Shimon, Schocken},
ISBN = {9780262539807},
Publisher = {The MIT Press},
Title = {The Elements of Computing Systems: Building a Modern Computer From First Principles.},
Year = {2021},
edition = {2},
}

@book{2010-null,
Author = {Null, Linda and Lobur, Julia},
ISBN = {9788577807376},
Publisher = {Bookman},
Title = {Princípios básicos de arquitetura e organização de computadores.},
Year = {2021},
edition = {2},
location = {Porto Alegre, RS},
}

@book{2013-harris,
Author = {Harris, David Money and Harris, Sarah L.},
ISBN = {9780123944245},
Publisher = {Morgan Kaufmann},
Title = {Digital design and computer architecture.},
Year = {2013},
edition = {2},
location = {San Francisco, California, USA},
}

@book{2005-dantas,
Author = {Dantas, Mario},
ISBN = {9788573232400},
Publisher = {Axcel Books},
Title = {Computação distribuída de alto desempenho: redes, clusters e grids computacionais},
Year = {2005},
location = {Rio de Janeiro, RJ},
}

@book{2004-weber,
Author = {Weber, Raul Fernando},
ISBN = {9788524106354},
Publisher = {Sagra},
Title = {Fundamentos de arquitetura de computadores .},
Year = {2004},
edition = {3},
location = {Porto Alegre, RS},
}