%%%%%%%%%% COMPLEMENTAR:

@book{2005-halsall,
Author = {Halsall, Fred},
ISBN = {9780321263582},
Publisher = {Addison-Wesley Publishing},
Title = {Computer networking and the Internet.},
Year = {2005},
edition = {5},
	location = {Harlow, GBR},
}

@book{2007-comer,
Author = {Comer, Douglas Earl and Lima, Álvaro Strube de},
ISBN = {9788560031368},
Publisher = {Bookman},
Title = {Redes de computadores e internet: abrange transmissão de dados, ligação inter-redes, Web e aplicações.},
Year = {2007},
edition = {4},
	location = {Porto Alegre, RS},
}

@book{2004-kumar,
Author = {Kumar, Anurag and Manjunath, D. and Kuri, Joy},
ISBN = {978-0124287518},
Publisher = {Elsevier},
Series = {The Morgan Kaufmann series in networking},
Title = {Communication networking: an analytical approach.},
Year = {2004},
	location = {Amsterdam, NLD},
}

@book{2005-stallings,
Author = {Stallings, William and Souza, Sérgio Guedes de and Vieira, Daniel and Penna, Manoel Camilo},
ISBN = {9788535217315},
Publisher = {Elsevier},
Title = {Redes e sistemas de comunicação de dados: teoria e aplicações corporativas.},
Year = {2005},
	location = {Rio de Janeiro, RJ},
}

@book{2007-peterson,
Author = {Peterson, Larry L. and Davie, Bruce S.},
ISBN = {9780123705488},
Publisher = {Morgan Kaufmann Publishers},
Title = {Computer networks: a systems approach.},
Year = {2007},
edition = {4},
	location = {Amsterdam, NLD},
}

@book{2011-souza,
Author = {Souza, Lindeberg Barros de},
ISBN = {9788536502250},
Publisher = {Érica},
Title = {Redes de computadores: guia total.},
Year = {2011},
	location = {São Paulo, SP},
}