%%%%%%%%%% BÁSICA;

@book{2005-forbellone-eberspacher,
    title = {{Lógica de programação: a construção de algoritmos e estruturas de dados}},
    author = {A. L. V. Forbellone and H. F. Ebersp{\"a}cher},
    isbn = {9788576050247},
    year = 2005,
    publisher = {{Pearson Prentice Hall}},
    location = {São Paulo/SP},
    edition = {3},
}

@book{1998-sedgewick,
    author = {Sedgewick, Robert},
    title = {{Algorithms in C++, Parts 1-4: Fundamentals, Data Structure, Sorting, Searching}},
    year = {1998},
    isbn = {9780768685336},
    publisher = {Addison-Wesley Professional},
    edition = {3},
    pages = {702},
    location = {Reading, USA}
}

@book{1989-kernighan-ritchie,
    title = {{C: a linguagem de programa{\c{c}}{\~a}o padr{\~a}o ANSI}},
    author = {B. W. Kernighan and D. M. Ritchie},
    isbn = {9788570015860},
    year = {1989},
    publisher = {Campus},
    location = {Rio de Janeiro/RJ},
}




