% @book{2013-goodrich-tamassia,
%      author = {M. T. GOODRICH and R. TAMASSIA}, 
%      title = {{Introdu\c{c}\~ao \`a seguran\c{c}a de computadores}},
%      publisher = {Bookman},
%      year = {2013},
%      address = {Porto Alegre, RS},
%      edition = {1},
% }

@book{katz,
author={KATZ, J. and LINDELL, Y.},
title={Introduction to Modern Cryptography},
edition={2},
publisher={Chapman \& Hall / CRC Press},
year={2015}
}

@book{2007-nakamura-geus,
  title={{Seguran\c{c}a de redes em ambientes cooperativos}},
  author={Emilio Tissato Nakamura and Paulo L\'icio de Geus},
  year={2007},
  publisher={Novatec Editora},
  address = {S\~ao Paulo, SP},
  edition = {1}
}

@book{2008-stallings,
  title={{Criptografia e seguran√ßa de redes: princ\'ipios e pr\'aticas}},
  author={W. STALLINGS},
  year={2008},
  publisher={Prentice Hall},
  address = {S\~ao Paulo, SP},
  edition = {4}
}




