%%%%%%%%%% COMPLEMENTAR:

@book{1998-sedgewick,
    title = {{Algorithms in C, parts 1-4: fundamentals, data structures, sorting, searching}},
    author = {R. Sedgewick},
    isbn = {9780201314526},
    year = 1998,
    publisher = {{Addison-Wesley Professional}},
    location = {USA},
    edition = {3},
}

@book{2009-feofiloff,
    title = {{Algoritmos em liguagem C}},
    author = {P. Feofillof},
    isbn = {9788535268232},
    year = {2009},
    publisher = {Elsevier Brasil},
    location = {Rio de Janeiro/RJ},
}

@book{2007-ziviani,
    title = {{Projeto de algoritmos com implementação em Java e C++}},
    author = {N. Ziviani},
    isbn = {9788522105250},
    year = {2007},
    publisher = {Thompson Learning},
    location = {São Paulo/SP},
}

@book{2004-ziviani,
    title = {{Projeto de algoritmos com implementação em Pascal e C}},
    author = {N. Ziviani},
    isbn = {8522103909},
    year = {2004},
    publisher = {Thompson Learning},
    location = {São Paulo/SP},
}

@book{2010-szwarcfiter-markenzon,
    title = {{Estruturas de dados e seus algoritmos}},
    author = {J. L. Szwarcfiter and L. Markenzon},
    isbn = {9788521617501},
    year = {2010},
    publisher = {LTC},
    location = {Rio de Janeiro/RJ},
    edition = {3},
}

@book{1995-tenenbaum-etal,
    title = {{Estruturas de dados usando C}},
    author = {A. M. Tenembaum and Y. Langsam and M. J. Augenstein},
    isbn = {9788534603485},
    year = {1995},
    publisher = {Pearson Education do Brasil},
    location = {São Paulo/SP},
}

@book{1997-schildt,
    title = {{C completo e total}},
    author = {H. Schildt},
    isbn = {9788534605953},
    year = {1997},
    publisher = {Makron Books},
    location = {São Paulo/SP},
    edition = {3}
}
