@book{2004-ambler,
  title={The object primer: Agile model-driven development with UML 2.0},
  author={Ambler, Scott W},
  year={2004},
  publisher={Cambridge University Press},
  address = {Cambridge, GBR},
  edition = {3}
}

@book{2013-beck,
  title={Padrões de Implementação},
  author={BECK, Kent},
  year={2013},
  publisher={Bookman},
  address={Porto Alegre, RS}
}


@book{2002-ambler,
  title={{Agile modeling: effective practices for extreme programming and the unified process}},
  author={Ambler, Scott},
  year={2002},
  publisher={John Wiley \& Sons},
  address={New York, USA}
}

@book{2004-fowler,
  title={Refatoração: Aperfeiçoando o design de códigos existentes},
  author={Fowler, Martin},
  year={2004},
  publisher={Novatec Editora},
  address={Porto Alegre, RS},
  edition={1}
}

@book{2009-martin,
  title={{Clean code : a handbook of agile software craftmanship}},
  author={MARTIN, Robert C.},
  year={2009},
  publisher={Prentice Hall},
  address = {Stoughton, USA},
  edition={1}
}
