%%%%%%%%%% COMPLEMENTAR:

@book{2016-meyers,
Author = {Meyers, S},
ISBN = {9788550800035},
Publisher = {Alta Books},
location = {Rio de Janeiro, RJ},
Title = {C++ moderno e eficaz.},
Year = {2016}
}

@book{2015-ramalho,
Author = {Ramalho, L},
ISBN = {9788575224625},
Publisher = {Novatec},
Title = {Python fluente.},
Year = {2015},
	location = {São Paulo, SP},
}

@book{2010-silva,
Author = {Silva Filho, Antonio Mendes da},
ISBN = {9788535237023},
Publisher = {Elsevier},
Title = {Introdução a programação orientada a objetos com C++.},
Year = {2010},
	location = {Rio de Janeiro, RJ},
}


@book{2006-flanagan,
Author = {Flanagan, David and Furmankiewicz, Edson and Lisbôa, Carlos Arthur Lang},
ISBN = {9788560031078},
Publisher = {Artmed},
Title = {Java: o guia essencial.},
Year = {2006},
edition = {5},
	location = {Porto Alegre, RS},
}

@book{2009-guedes,
Author = {Guedes, Gilleanes T. A.},
ISBN = {9788575221938},
Publisher = {Novatec},
Title = {UML 2: uma abordagem prática.},
Year = {2009},
	location = {São Paulo, SP},
}

@book{2005-fowler,
Author = {Fowler, Martin and Tortello, João and Price, Ana M. de Alencar},
ISBN = {9798536304549},
Publisher = {Bookman},
Title = {UML essencial: um breve guia para a linguagem-padrão de modelagem de objetos.},
Year = {2005},
edition = {3},
	location = {Porto Alegre, RS},
}

@book{1997-meyer,
Author = {Meyer, B and Meyer, B},
ISBN = {9780136291558},
Publisher = {Prentice Hall},
Title = {Object-oriented software construction.},
Year = {1997},
edition = {2},
	location = {Saddle River, USA},
}
