%%%%%%%%%% COMPLEMENTAR:

@book{2006-idoeta,
Author = {Idoeta, Ivan Valeije and Capuano, Francisco Gabriel},
ISBN = {8571940193},
Publisher = {Érica},
Title = {Elementos de eletrônica digital.},
Year = {2006},
edition = {40},
	location = {São Paulo, SP},
}

@book{2000-ercegovac,
  title={Introdução aos Sistemas Digitais},
  author={Ercegovac, M. and Lang, T. and Moreno, J.},
  isbn={9788573076981},
  year={2000},
  publisher={Bookman},
	location = {Porto Alegre, RS},
}

@book{2009-bignel,
    title={Eletrônica digital},
	author={Bignell, J. and Donovan, R.},
	isbn={9788522107452},
	year={2009},
	publisher={Cengage learning},
	location = {São Paulo, SP},
	pages = {672}
}

@book{2005-katz,
Author = {KATZ, Randy H and Borriello, Gaetano},
Publisher = {Pearson/Prentice Hall},
Title = {Contemporary logic design.},
Year = {2005},
edition = {2},
	location = {Saddle River, USA},
}

@book{2008-ashenden,
Author = {Ashenden, Peter J.},
ISBN = {9780120887859},
Publisher = {Morgan Kaufmann Publishers},
Series = {The Morgan Kaufmann series in systems on silicon},
Title = {The designer's guide to VHDL.},
Year = {2008},
edition = {3},
	location = {San Francisco, USA},
}