%%%%%%%%%% B√ÅSICA;

@book{2002-cormen-etal,
    title = {{Algoritmos: teoria e pr{\'a}tica}},
    author = {Cormen, Thomas H. and Leiserson, Charles E. and Rivest, Ronald L. and Stein, Clifford},
    isbn = {8535209263},
    year = {2002},
    publisher = {Elsevier: Campus},
    location = {Rio de Janeiro, RJ},
    pages = {916},
    edition = {2}
}

@book{2012-cormen-etal,
    title = {{Algoritmos: teoria e pr{\'a}tica}},
    author = {Cormen, Thomas H. and Leiserson, Charles E. and Rivest, Ronald L. and Stein, Clifford},
    isbn = {9788535236996},
    year = {2012}, 
    publisher = {Elsevier},
    location = {Rio de Janeiro, RJ},
    pages = {926},
}

@book{2008-dasgupta-etal,
    author = {Sanjoy Dasgupta and Christos H. Papadimitriou and Umesh V. Vazirani},
    title = {{Algorithms}},
    publisher = {McGraw-Hill},
    year = {2008},
    isbn = {9780073523408},
    location = {Boston, USA},
    pages = {320},
}

@book{2002-sedgewick,
    author = {Sedgewick, Robert},
    title = {{Algorithms in C, Part 5: Graph Algorithms}},
    year = {2002},
    isbn = {9780201316636},
    publisher = {Addison-Wesley Professional},
    edition = {3},
    pages = {482},
    location = {Reading, USA}
}
