@book{2011-sommerville,
  title={{Engenharia de Software}},
  author={Sommerville, Ian},
  year={2011},
  publisher={Pearson Education},
  address = {São Paulo, SP},
  edition = {9}
}

@book{2020-valente,
  title={{Engenharia de Software Moderna}},
  author={Marco Tulio Valente},
  year={2020},
  publisher={Independente},
  isbn={978-6500019506},
  url={https://engsoftmoderna.info}
}

@book{2014-teles,
  title={{Extreme programming : aprenda como encantar seus usuários desenvolvendo software com agilidade e alta qualidade}},
  author={TELES, Vinícius Manhães},
  year={2014},
  publisher={Novatec},
  address={São Paulo, SP}
}
