%%%%%%%%%% COMPLEMENTAR:

@book{2011-sedgewick-wayne,
    author = {Robert Sedgewick and Kevin Wayne},
    title = {{Algorithms}},
    publisher = {Addison-Wesley},
    year = {2011},
    isbn = {9780321573513},
    location = {Boston, USA},
    pages = {955},
    edition = {4},
}

@book{2006-kleinberg-tardos,
    author = {Kleinberg, Jon and Tardos, \'Eva},
    publisher = {Addison-Wesley},
    title = {{Algorithm Design}},
    year = {2006},
    location = {Boston, USA},
    pages = {864},
    edition = {1},
    isbn = {9780321295354},
}

@book{1989-manber,
    author = {Manber, Udi},
    publisher = {Addison-Wesley},
    location = {Boston, USA},
    title = {{Introduction to Algorithms: A Creative Approach}},
    year = {1989},
    pages = {478},
    isbn = {9780201120370},
}





