%%%%%%%%%% BÁSICA;

@book{2007-floyd,
    title={Sistemas Digitais: Fundamentos e Aplicações},
	author={Floyd, T.},
	isbn={9788560031931},
	year={2007},
	publisher={Bookman},
	location = {Porto Alegre, RS},
	pages = {888}
}

@book{2007-tocci,
    title={Sistemas Digitais: Princípios e Aplicações},
	author={Tocci, R. and Widmer, N. and Moss, G.},
	isbn={9788576050957},
	year={2007},
	publisher={Pearson Universidades},
	location = {São Paulo, SP},
	pages = {830},
	edition = {10}
}

@book{2008-vahid,
    title={Sistemas Digitais: Projeto, Otimização e HDLs},
	author={Vahid, F.},
	isbn={9788577801909},
	year={2008},
	publisher={Bookman},
	location = {Porto Alegre, RS},
	pages = {560}
}

@book{2009-bignel,
    title={Eletrônica digital},
	author={Bignell, J. and Donovan, R.},
	isbn={9788522107452},
	year={2009},
	publisher={Cengage learning},
	location = {São Paulo, SP},
	pages = {672}
}
