%%%%%%%%%% COMPLEMENTAR:

@book{2007-ziviani,
    title = {{Projeto de algoritmos com implementação em Java e C++}},
    author = {N. Ziviani},
    isbn = {9788522105250},
    year = {2007},
    publisher = {Thompson Learning},
    location = {São Paulo/SP},
    pages = {621},
}

@book{1995-tenenbaum-etal,
    title = {{Estruturas de dados usando C}},
    author = {A. M. Tenembaum and Y. Langsam and M. J. Augenstein},
    isbn = {9788534603485},
    year = {1995},
    publisher = {Pearson Education do Brasil},
    location = {São Paulo/SP},
}

@book{1997-schildt,
    title = {{C completo e total}},
    author = {H. Schildt},
    isbn = {9788534605953},
    year = {1997},
    publisher = {Makron Books},
    location = {São Paulo/SP},
    edition = {3}
}

@book{2011-sedgewick-wayne,
    author = {Robert Sedgewick and Kevin Wayne},
    title = {{Algorithms}},
    publisher = {Addison-Wesley},
    year = {2011},
    isbn = {9780321573513},
    location = {Boston, USA},
    pages = {955},
    edition = {4},
}

@book{2002-cormen-etal,
    title = {{Algoritmos: teoria e pr{\'a}tica}},
    author = {Cormen, Thomas H. and Leiserson, Charles E. and Rivest, Ronald L. and Stein, Clifford},
    isbn = {8535209263},
    year = {2002},
    publisher = {Elsevier: Campus},
    location = {Rio de Janeiro, RJ},
    pages = {916},
    edition = {2}
}
