%%%%%%%%%% BÁSICA;

@book{2007-tanenbaum,
Author = {Tanenbaum, Andrew Stuart and Van Steen, Maarten},
ISBN = {9788576051428},
Publisher = {Pearson/Prentice Hall},
Title = {Sistemas distribuídos: princípios e paradigmas.},
Year = {2007},
edition = {2},
	location = {São Paulo, SP},
}

@book{2005-coulouris,
Author = {Coulouris, George F. and Dollimore, Jean and Kindberg, Tim},
ISBN = {9780321263544},
Publisher = {Addison-Wesley Publishing},
Series = {International computer science series},
Title = {Distributed systems: concepts and design.},
Year = {2005},
edition = {4},
	location = {Harlow, GBR},
}

@book{2007-ghosh,
Author = {Ghosh, Sukumar},
ISBN = {9781584885641},
Publisher = {Chapman and Hall},
Series = {Computer and information science},
Title = {Distributed systems: an algorithmic approach.},
Year = {2007},
	location = {Boca Raton, USA},
}
