@book{2010-stallings,
Author = {Stallings, William},
ISBN = {9788576055648},
Publisher = {Pearson Education do Brasil},
Title = {Arquitetura e organização de computadores.},
Year = {2010},
edition = {8},
location = {São Paulo, SP},
}

@book{2013-tanenbaum,
Author = {Tanenbaum, Andrew Stuart},
ISBN = {9788581435398},
Publisher = {Pearson Education do Brasil},
Title = {Organização estruturada de computadores.},
Year = {2013},
edition = {6},
location = {São Paulo, SP},
}

@book{2014-patterson,
Author = {Patterson, David Andrew},
ISBN = {9788535235852},
Publisher = {Elsevier},
Title = {Organização e projeto de computadores: a interface hardware / software.},
Year = {2014},
edition = {4},
location = {Rio de Janeiro, RJ},
}