@book{2011-dupas,
     author = {Gilberto Dupas}, 
     title = {{Ética e poder na sociedade da informação: de como a autonomia de novas tecnologias obriga a rever o mito do progresso}},
     publisher = {{Editora da Universidade Estadual de São Paulo}},
     year = {2011},
     address = {São Paulo, SP},
     edition = {3},
}

@book{2008-masiero,
  title={{Ética em computação}},
  author={Paulo César Masiero},
  year={2008},
  publisher={EDUSP},
  address = {São Paulo, SP},
  edition = {1}
}

@book{2004-lessig,
  title={Free culture},
  author={Lessig, Lawrence},
  year={2004},
  publisher={Penguin Group},
  address = {New York, US},
  edition={1}
}

@book{2010-levy,
  title={Cibercultura},
  author={Pierre Levy},
  year={2010},
  publisher={Editora 34},
  address = {São Paulo, SP},
  edition={1}
}
