%%%%%%%%%% BÁSICA;

@book{2012-anton-rorres,
    author = {Anton, Howard and Rorres, Chris},
    title = {{Álgebra linear com aplicações}},
    year = {2012},
    isbn = {9788540701694},
    publisher = {Bookman},
    edition = {10},
    pages = {768},
    location = {Porto Alegre, RS},
    note = {Tradução de Claus Ivo Doering}
}

@book{1996-apostol,
    author = {Apostol, Tom Mike},
    title = {{Cálculo II: cálculo com funções de várias variáveis e álgebra linear, com aplicações às equações diferenciais e às probabilidades}},
    year = {1996},
    isbn = {9788429150162},
    publisher = {Reverté},
    pages = {752},
    location = {Waltham, USA},
    Note = {Tradução de Joaquim Ferreira Marques}
}

@book{1980-boldrini-etal,
    title = {{Álgebra linear}},
    author = {Boldrini, José Luiz and Costa, Sueli I. R. and Figueiredo, Vera L. and Wetzler, Henry G.},
    isbn = {9788529402024},
    year = {1980}, 
    publisher = {Harbra},
    location = {São Paulo, SP},
    pages = {411},
}
