%%%%%%%%%% BÁSICA;

@book{2004-grimaldi,
    address = {Boston, USA},
    author = {Grimaldi, Ralph P.},
    isbn = {9780201726343},
    publisher = {Pearson/Addison Wesley},
    title = {Discrete and Combinatorial Mathematics: an Applied Introduction},
    edition = 5,
    year = 2004
}

@book{2016-scheinerman,
    title = {Matem{\'a}tica discreta: uma introdu{\c{c}}{\~a}o},
    author = {Scheinerman, Edward R.},
    isbn = {9788522125340},
    year = {2016},
    publisher = {Cengage Learning Edi{\c{c}}{\~o}es},
    edition = 3,
    note = {Revisão de Flávio Soares Corrêa da Silva; Tradução de Noveritis do Brasil},
    pages = 586,
    address = {São Paulo, SP}
}


@book{2009-rosen,
    author = {Rosen, Kenneth H.},
    publisher = {McGraw-Hill Book},
    title = {Matemática discreta e suas aplicações},
    year = 2009,
    edition = 6,
    pages = 982,
    isbn = {9788577260362},
    address = {São Paulo, SP}
}

