%%%%%%%%%% COMPLEMENTAR:

@book{2015-axler,
    title = {{Linear algebra done right}},
    author = {Axler, Sheldon Jay},
    isbn = {9783319110790},
    year = {2015},
    publisher = {Springer},
    series = {Undergraduate texts in mathematics}
}

@book{1990-callioli-etal,
    title = {{Álgebra linear e aplicações}},
    author = {Callioli, Carlos Alberto and Domingues, Hygino H. and Costa, Roberto C. F.},
    isbn = {9788570562975},
    year = {1990},
    publisher = {Atual},
    location = {São Paulo, SP},
    edition = 6,
    pages = 352,
}

@book{2005-coelho-lourenco,
    title = {{Um curso de álgebra linear}},
    author = {Coelho, Flávio Ulhoa and Lourenço, Mary Lilian},
    isbn = {9788531405945},
    year = {2005},
    publisher = {Edusp},
    location = {São Paulo, SP},
    edition = {2},
    series = {Acadêmica, 34}
}

@book{1971-hoffman-kunze,
    title = {{Linear algebra}},
    author = {Hoffman, Kenneth and Kunze, Ray Alden},
    isbn = {9780135367971},
    year = {1971},
    publisher = {Prentice Hall},
    location = {Upper Saddle River, USA},
    pages = {407},
    edition = 2,
}

@book{2003-lang,
    author = {Lang, Serge},
    title = {{Álgebra linear}},
    publisher = {Ciência Moderna},
    year = {2003},
    isbn = {9788573932539},
    location = {Rio de Janeiro, RJ},
    pages = {405},
    note = {Tradução de Luiz Pedro San Gil Jutuca. Revisão de Lázaro Coutinho},
    series = {Clássicos da matemática}
}

@book{2006-lima,
    author = {Lima, Elon Lages},
    title = {{Álgebra linear}},
    publisher = {Instituto de Matemática Pura e Aplicada},
    year = {2006},
    isbn = {9788524400896},
    location = {Rio de Janeiro, RJ},
    pages = {356},
    series = {Matemática universitária},
    edition = 7,
}

@book{2008-sadun,
    author = {Sadun, Lorenzo Adlai},
    title = {{Applied linear algebra: the decoupling principle}},
    publisher = {American Mathematical Society},
    year = {2008},
    isbn = {9780821844410},
    location = {Providence, USA},
    pages = {371},
    edition = 2,
}

@book{2009-strang,
    author = {Strang, Gilbert},
    title = {{Álgebra linear e suas aplicações}},
    publisher = {Cengage Learning},
    year = {2009},
    isbn = {9788522107445},
    location = {São Paulo, SP},
    pages = {444},
    note = {Revisão de Germano Abud de Rezende. Tradução de All Tasks},
}
