%%%%%%%%%% COMPLEMENTAR:

@book{2003-lovasz-etal,
    title = {Matemática discreta: elementar e além},
    author = {Lovász, László and Pelikán, J. and Vesztergombi, Katalin},
    isbn = {9788585818289},
    year = {2003},
    publisher = {Sociedade Brasileira de Matemática},
    pages = 285,
    address = {Rio de Janeiro, RJ},
    series = {Textos universitários}
}

@book{2007-santos-etal,
    title = {Introdu{\c{c}}{\~a}o {\`a} an{\'a}lise combinat{\'o}ria},
    author = {Santos, José Plínio de Oliveira and Mello, Margarida P. and Murari, Idani T. C.},
    isbn = {9788573936346},
    year = {2007},
    publisher = {Ciência Moderna},
    pages = 390,
    address = {Rio de Janeiro, RJ}
}

@book{2001-halmos,
    title = {Teoria ingênua dos conjuntos},
    author = {Halmos, Paul R.},
    isbn = {9788573931419},
    series = {Clássicos da matemática},
    year = {2001},
    publisher = {Ciência Moderna},
    pages = 178,
    address = {São Paulo, SP},
    note = {Tradução de Lázaro Coutinho. Revisão de Paulo Henrique Viana de Barros}
}

@book{2009-matousek-nesetril,
    title = {Invitation to discrete mathematics},
    author = {Matousek, Jiri and Nesetril, Jaroslav},
    isbn = {9780198570424},
    year = {2009},
    publisher = {Oxford University Press},
    pages = 443,
    address = {Oxford, GBR},
    edition = 2,
}

@book{2013-stein-etal,
    title = {Matemática discreta para ciência da computação},
    author = {Stein, Clifford and Drysdale, Robert L. and Bogart, Kenneth},
    isbn = {9788581437699},
    year = {2013},
    publisher = {Pearson},
    pages = 394,
    address = {São Paulo, SP},
    note = {Tradução de Daniel Vieira. Revisão de Patrícia Gonçalves Primo Lourençano}
}

@book{2006-velleman,
    title = {How to prove it: a structured approach},
    author = {Velleman, Daniel J.},
    isbn = {9780521675994},
    year = {2006},
    publisher = {Cambridge University Press},
    pages = 384,
    address = {Cambridge, GBR},
    edition = 2,
}

@book{2017-bona,
    title = {A walk through combinatorics: an introduction to enumeration and graph theory},
    author = {Bóna, M.},
    isbn = {9789813148840},
    year = {2017},
    publisher = {World Scientific},
    pages = 593,
    address = {New Jersey, USA},
    edition = 5,
}


